<mx:record xmlns="http://www.w3.org/TR/xhtml1/strict" xmlns:mx="http://www.loc.gov/MARC21/slim" xmlns:xsi="http://www.w3.org/2001/XMLSchema-instance"><mx:leader>00000cz 2200000n 4500</mx:leader><mx:controlfield tag="001">oca01075403 </mx:controlfield><mx:controlfield tag="005">20010720073431.0</mx:controlfield><mx:controlfield tag="008">840116n| acannaabn |a ana </mx:controlfield><mx:datafield ind1=" " ind2=" " tag="010"><mx:subfield code="a">n 82234462 </mx:subfield><mx:subfield code="z">n 83164802 </mx:subfield></mx:datafield><mx:datafield ind1=" " ind2=" " tag="040"><mx:subfield code="a">DLC</mx:subfield><mx:subfield code="c">DLC</mx:subfield><mx:subfield code="d">DLC</mx:subfield><mx:subfield code="d">WaU</mx:subfield></mx:datafield><mx:datafield ind1=" " ind2="0" tag="130"><mx:subfield code="a">Homeric hymns</mx:subfield></mx:datafield><mx:datafield ind1=" " ind2="0" tag="430"><mx:subfield code="a">Inni omerici</mx:subfield></mx:datafield><mx:datafield ind1="0" ind2=" " tag="400"><mx:subfield code="a">Homerus.</mx:subfield><mx:subfield code="t">Hymni</mx:subfield><mx:subfield code="w">nnaa</mx:subfield></mx:datafield><mx:datafield ind1=" " ind2="0" tag="430"><mx:subfield code="a">Homērikoi hymnoi</mx:subfield></mx:datafield><mx:datafield ind1="0" ind2=" " tag="400"><mx:subfield code="a">Homer.</mx:subfield><mx:subfield code="t">Hymni</mx:subfield></mx:datafield><mx:datafield ind1=" " ind2="0" tag="430"><mx:subfield code="a">Hymni Homerici</mx:subfield></mx:datafield><mx:datafield ind1=" " ind2=" " tag="670"><mx:subfield code="a">Its English. Selections. Hymns to Aphrodite, 1927:</mx:subfield><mx:subfield code="b">p. 12 (Homeric hymns)</mx:subfield></mx:datafield><mx:datafield ind1=" " ind2=" " tag="670"><mx:subfield code="a">New Columbia encyc.</mx:subfield><mx:subfield code="b">(Homeric hymns; name applied to a body of hexameter poems falsely attributed to Homer by the ancients; composed probably
            between 800 and 400 B.C.)</mx:subfield></mx:datafield><mx:datafield ind1=" " ind2=" " tag="670"><mx:subfield code="a">LC manual cat.</mx:subfield><mx:subfield code="b">(hdg.: Homerus. Hymni)</mx:subfield></mx:datafield><mx:datafield ind1=" " ind2=" " tag="670"><mx:subfield code="a">Cantilena, M. Per uno studio della formularità degli Inni omerici, c1982:</mx:subfield><mx:subfield code="b">t.p. (Inni omerici)</mx:subfield></mx:datafield><mx:datafield ind1=" " ind2=" " tag="670"><mx:subfield code="a">Encyc. Brit.</mx:subfield><mx:subfield code="b">(Homeric hymns, collection of 34 ancient Greek poems in heroic hexameters, all addressed to gods, ascribed in antiquity
            to Homer; they differ widely in date and authorship; collection is incomplete; includes major hymns to Demeter, Apollo, Hermes,
        Aphrodite)</mx:subfield></mx:datafield><mx:datafield ind1=" " ind2=" " tag="670"><mx:subfield code="a">Its Homērikoi hymnoi, 1973.</mx:subfield></mx:datafield><mx:datafield ind1=" " ind2=" " tag="670"><mx:subfield code="a">The Homeric hymns, 1980.</mx:subfield></mx:datafield><mx:datafield ind1=" " ind2=" " tag="670"><mx:subfield code="a">Hymni Homerici, 1877.</mx:subfield></mx:datafield></mx:record>